@TechReport{Ford139,
  author =       {D. Ford and  A. Faulkner and P. Alexander},
  title =        { {A Software Correlator for SKA1} },
  institution =  {SKA Project Office},
  year =         {2012},
  OPTkey =       {},
  OPTtype =      {},
  number =       {139},
  OPTaddress =   {},
  OPTmonth =     {},
  OPTnote =      {},
  OPTannote =    {},
  url       =    {http://www.skatelescope.org/uploaded/31235_139_Memo_Ford.pdf}

}

@INPROCEEDINGS{Nieuwpoort09usingmany-core,
    author = {Rob V. Van Nieuwpoort and John W. Romein},
    title = {Using many-core hardware to correlate radio astronomy signals},
    booktitle = {In 23rd ACM International Conference on Supercomputing},
    year = {2009},
    url ={http://www.exaska.org/Codes/many-core-correlators.tgz}
}


@TechReport{DewdneyDD001-1,
  author =       {Dewdney, P.~E.},
  title =        {SKA1 SYSTEM BASELINE DESIGN},
  institution =  {SKA Organisation},
  year =         {2013},
  OPTkey =       {},
  OPTtype =      {},
  OPTnumber =    {},
  OPTaddress =   {},
  OPTmonth =     {},
  note =         {\url{https://www.skatelescope.org/wp-content/uploads/2013/03/SKA-TEL-SKO-DD-001-1_BaselineDesign.pdf}},
  OPTannote =    {}
}



@TechReport{Yashar2009,
  author =       {Yashar, M. and Kemball, A.},
  title =        {COMPUTATIONAL COSTS OF RADIO IMAGING ALGORITHMS DEALING WITH THE NON-COPLANAR BASELINES EFFECT: I},
  institution =  {TDP},
  year =         {2009},
  OPTkey =       {},
  OPTtype =      {},
  OPTnumber =    {},
  OPTaddress =   {},
  OPTmonth =     {},
  OPTnote =      {},
  OPTannote =    {}
}


@TechReport{Jongerius2013,
  author =       {Jongerius, R. and Wijnholds, S. and Nijboer and R. Corporaal, H.},
  title =        {End-to-end compute model for the SKA},
  institution =  {},
  year =         {2013},
  OPTkey =       {},
  OPTtype =      {},
  OPTnumber =    {},
  OPTaddress =   {},
  OPTmonth =     {},
  OPTnote =      {},
  OPTannote =    {}
}



@TechReport{McCoolDD003,
  author =       {McCool, R. and Cornwell, T.},
  title =        {MISCELLANEOUS CORRECTIONS TO THE BASELINE DESIGN},
  institution =  {SKA Organisation},
  year =         {2013},
  OPTkey =       {},
  OPTtype =      {},
  number =       {SKA-TEL.SKO-DD-003},
  OPTaddress =   {},
  OPTmonth =     {},
  OPTnote =      {},
  OPTannote =    {}
}


@ARTICLE{Cornwell2008-4703511,
author={Cornwell, T.J. and Golap, K. and Bhatnagar, S.},
journal={Selected Topics in Signal Processing, IEEE Journal of},
title={The Noncoplanar Baselines Effect in Radio Interferometry: The W-Projection Algorithm},
year={2008},
month={Oct},
volume={2},
number={5},
pages={647-657},
keywords={Fresnel diffraction;antenna arrays;astronomical techniques;radiotelescopes;W-projection algorithm;array antennas;differential Fresnel diffraction;facet-based algorithms;noncoplanar baselines effect;nonisoplanatism;radio interferometry;radio telescopes;Australia;Brightness;Diffraction;Frequency synthesizers;Observatories;Radio astronomy;Radio interferometry;Signal processing algorithms;Signal synthesis;Spatial coherence;Algorithms;Fourier transforms;computation time;diffraction;radio interferometry},
doi={10.1109/JSTSP.2008.2005290},
ISSN={1932-4553},}

@TechReport{Hymphreys132,
  author =       {B. Humphreys and T. Cornwell},
  title =        { {Analysis of Convolutional Resampling Algorithm Performance} },
  institution =  {SKA Project Office Memo Series},
  year =         {2011},
  OPTkey =       {},
  OPTtype =      {},
  number =       {132},
  OPTaddress =   {},
  OPTmonth =     {},
  OPTnote =      {},
  OPTannote =    {},
  url       =    {http://www.atnf.csiro.au/people/Ben.Humphreys/papers/132_Memo_Humphreys.pdf}
}


@INPROCEEDINGS{2012SPIE.8500E..0LC,
   author = {{Cornwell}, T.~J. and {Voronkov}, M.~A. and {Humphreys}, B.},
    title = "{Wide field imaging for the square kilometre array}",
booktitle = {Society of Photo-Optical Instrumentation Engineers (SPIE) Conference Series},
     year = 2012,
   series = {Society of Photo-Optical Instrumentation Engineers (SPIE) Conference Series},
   volume = 8500,
archivePrefix = "arXiv",
   eprint = {1207.5861},
 primaryClass = "astro-ph.IM",
    month = oct,
      eid = {85000L},
      doi = {10.1117/12.929336},
   adsurl = {http://adsabs.harvard.edu/abs/2012SPIE.8500E..0LC},
  adsnote = {Provided by the SAO/NASA Astrophysics Data System}
}

@ARTICLE{2008A&A...487..419B,
   author = {{Bhatnagar}, S. and {Cornwell}, T.~J. and {Golap}, K. and {Uson}, J.~M.
	},
    title = "{Correcting direction-dependent gains in the deconvolution of radio interferometric images}",
  journal = {A\&A},
archivePrefix = "arXiv",
   eprint = {0805.0834},
 keywords = {methods: data analysis, techniques: interferometic, techniques: image processing, techniques: polarimetric},
     year = 2008,
    month = aug,
   volume = 487,
    pages = {419-429},
      doi = {10.1051/0004-6361:20079284},
   adsurl = {http://adsabs.harvard.edu/abs/2008A%26A...487..419B},
  adsnote = {Provided by the SAO/NASA Astrophysics Data System}
}


@Article{,

  journal =      {},
  year =         {},
  OPTkey =       {},
  OPTvolume =    {},
  OPTnumber =    {},
  OPTpages =     {},
  OPTmonth =     {},
  OPTnote =      {},
  OPTannote =    {}
}



@TechReport{Kogan2012-VLA164,
  author =       {Kogan, L},
  title =        {Some comments on the W-projection algorithm},
  institution =  {NRAO},
  year =         {2012},
  OPTkey =       {},
  OPTtype =      {},
  number =       {164},
  OPTaddress =   {},
  month =        {October},
  note =         {EVLA memo series},
  OPTannote =    {}
}

